%---------------------------------------------------------------------------%
%-                                                                         -%
%-                             Bibliography                                -%
%-                                                                         -%
%---------------------------------------------------------------------------%

%--------------------------------start with a--------------------------------%
%103 doubly attention transformer
%103_DBLP:journals/corr/abs-1807-11605,
@article{arslan2018doubly,
  title={Doubly attentive transformer machine translation},
  author={Arslan, Hasan Sait and Fishel, Mark and Anbarjafari, Gholamreza},
  journal={arXiv preprint arXiv:1807.11605},
  year={2018}
}


%110
%110_DBLP:journals/jmlr/AzulayW19
@article{azulay2019why,
  author    = {Aharon Azulay and
               Yair Weiss},
  title     = {Why do deep convolutional networks generalize so poorly to small image transformations?},
  journal   = {Journal of Machine Learning Research},
  volume    = {20},
  pages     = {1--25},
  year      = {2019}
}
%--------------------------------start with b--------------------------------%
%3
%3_DBLP:journals/corr/BahdanauCB14
@inproceedings{bahdanau2015neural,
  author    = {Dzmitry Bahdanau and
               Kyunghyun Cho and
               Yoshua Bengio},
  title     = {Neural Machine Translation by Jointly Learning to Align and Translate},
  booktitle = {Proceedings of 2015 International Conference on Learning Representations (ICLR 2015)},
  address   = {San Diego, CA, USA}, 
  month     = {May},
  year      = {2015},
}
%114
%114_barrault-etal-2018-findings
@inproceedings{barrault2018findings,
    title = "Findings of the Third Shared Task on Multimodal Machine Translation",
    author = {Barrault, Lo{\"\i}c  and
      Bougares, Fethi  and
      Specia, Lucia  and
      Lala, Chiraag  and
      Elliott, Desmond  and
      Frank, Stella},
    booktitle = "Proceedings of the Third Conference on Machine Translation (WMT 2018)",
    month = oct,
    year = "2018",
    address = "Belgium, Brussels",
    pages = "304--323",
}

@inproceedings{bengio2000neural,
  title={A neural probabilistic language model},
  author={Bengio, Yoshua and Ducharme, R{\'e}jean and Vincent, Pascal},
  booktitle={Advances in Neural Information Processing Systems 13: Annual Conference on Neural Information Processing Systems (NIPS 2000)},
  pages = {932--938},
  year={2000},
  address={Denver, CO, USA},
}
%85
%85_DBLP:conf/icassp/BerardBKP18
@inproceedings{berard2018end,
  author    = {Alexandre Berard and
               Laurent Besacier and
               Ali Can Kocabiyikoglu and
               Olivier Pietquin},
  title     = {End-to-End Automatic Speech Translation of Audiobooks},
  booktitle = {Proceedings of 2018 {IEEE} International Conference on Acoustics, Speech and Signal Processing({ICASSP} 2018)},
  pages     = {6224--6228},
  year      = {2018},
  month     = {April},
  address   = {Calgary, AB, Canada}
}
% YOLOv4
%DBLP:journals/corr/abs-2004-10934
@article{bochkovskiy2020yolov4,
  title={Yolov4: Optimal speed and accuracy of object detection},
  author={Bochkovskiy, Alexey and Wang, Chien-Yao and Liao, Hong-Yuan Mark},
  journal={arXiv preprint arXiv:2004.10934},
  year={2020}
}
@article{brown19mathematics,
  title={The Mathematics of Statistical Machine Translation: Parameter Estimation},
  author={Brown, Peter E and Della Pietra, Vincent J and Della Pietra, Stephen A and Mercer, Robert L},
  journal={Computational Linguistics},
  volume={19},
  number={2},
  year={1993}
}
@article{brown1990statistical,
  title={A statistical approach to machine translation},
  author={Brown, Peter F and Cocke, John and Della Pietra, Stephen A and Della Pietra, Vincent J and Jelinek, Frederick and Lafferty, John and Mercer, Robert L and Roossin, Paul S},
  journal={Computational Linguistics},
  volume={16},
  number={2},
  pages={79--85},
  year={1990}
}
%--------------------------------start with c--------------------------------%
%100 doubly attention rnn
%100_DBLP:journals/corr/CaglayanBB16
@article{caglayan2016multimodal,
  title={Multimodal attention for neural machine translation},
  author={Caglayan, Ozan and Barrault, Lo{\"\i}c and Bougares, Fethi},
  journal={arXiv preprint arXiv:1609.03976},
  year={2016}
}
%99 doubly attention rnn
%99_DBLP:conf/wmt/CaglayanBBBWMHW18
@inproceedings{caglayan2018liumcvc,
  author    = {Ozan Caglayan and
               Adrien Bardet and
               Fethi Bougares and
               Lo{\"{\i}}c Barrault and
               Kai Wang and
               Marc Masana and
               Luis Herranz and
               Joost van de Weijer},
  title     = {{LIUM-CVC} Submissions for {WMT18} Multimodal Translation Task},
  booktitle = {Proceedings of the Third Conference on Machine Translation ({WMT} 2018)},
  pages     = {597--602},
  address   = {Belgium, Brussels},
  year      = {2018},
  month     = {November}
}
%53
%53_caglayan-etal-2019-probing
@inproceedings{caglayan2019probing,
    title = "Probing the Need for Visual Context in Multimodal Machine Translation",
    author = {Caglayan, Ozan  and
      Madhyastha, Pranava  and
      Specia, Lucia  and
      Barrault, Lo{\"\i}c},
    booktitle = "Proceedings of the 2019 Conference of the North {A}merican Chapter of the Association for Computational Linguistics: Human Language Technologies ({NAACL} 2019)",
    month = jun,
    year = "2019",
    address = "Minneapolis, Minnesota",
    pages = "4159--4170",
}
%89
%89_DBLP:conf/eacl/CaglayanKAMEES21
@inproceedings{caglayan2021crosslingual,
  author    = {Ozan Caglayan and
               Menekse Kuyu and
               Mustafa Sercan Amac and
               Pranava Madhyastha and
               Erkut Erdem and
               Aykut Erdem and
               Lucia Specia},
  title     = {Cross-lingual Visual Pre-training for Multimodal Machine Translation},
  booktitle = {Proceedings of the 16th Conference of the European Chapter of the Association for Computational Linguistics ({EACL} 2021)},
  pages     = {1317--1324},
  address   = {Online},
  month     = {April},
  year      = {2021}
}
%36
%36_calixto-etal-2017-doubly
@inproceedings{calixto2017doubly,
    title = "Doubly-Attentive Decoder for Multi-modal Neural Machine Translation",
    author = "Calixto, Iacer  and
      Liu, Qun  and
      Campbell, Nick",
    booktitle = "Proceedings of the 55th Annual Meeting of the Association for Computational Linguistics ({ACL} 2017)",
    month = jul,
    year = "2017",
    address = "Vancouver, Canada",
    pages = "1913--1924",
}
%18
%18_DBLP:conf/emnlp/CalixtoL17
@inproceedings{calixto2017incorporating,
  author    = {Iacer Calixto and
               Qun Liu},
  title     = {Incorporating Global Visual Features into Attention-based Neural Machine
               Translation},
  booktitle = {Proceedings of the 2017 Conference on Empirical Methods in Natural Language Processing ({EMNLP} 2017)},
  pages     = {992--1003},
  address   = {Copenhagen, Denmark},
  year      = {2017},
  month     = {September}
}
%19
%19_DBLP:conf/acl/CalixtoRA19
%38
%38_calixto-etal-2019-latent
@inproceedings{calixto2019latent,
    title = "Latent Variable Model for Multi-modal Translation",
    author = "Calixto, Iacer  and
      Rios, Miguel  and
      Aziz, Wilker",
    booktitle = "Proceedings of the 57th Annual Meeting of the Association for Computational Linguistics ({ACL} 2019)",
    month = jul,
    year = "2019",
    address = "Florence, Italy",
    pages = "6392--6405",
}
%125
%125_DBLP:conf/aaai/ChenLL18
@inproceedings{chen2018zeroresource,
  author    = {Yun Chen and
               Yang Liu and
               Victor O. K. Li},
  title     = {Zero-Resource Neural Machine Translation with Multi-Agent Communication
               Game},
  booktitle = {Proceedings of the Thirty-Second {AAAI} Conference on Artificial Intelligence ({AAAI}-18), the 30th innovative Applications of Artificial Intelligence ({IAAI}-18), and the 8th {AAAI} Symposium on Educational Advances in Artificial Intelligence ({EAAI}-18)},
  pages     = {5086--5093},
  address   = {New Orleans, Louisiana, USA},
  year      = {2018},
  month     = {February}
}
%55
%55_DBLP:conf/ijcai/ChenJF19
@inproceedings{chen2019from,
  author    = {Shizhe Chen and
               Qin Jin and
               Jianlong Fu},
  title     = {From Words to Sentences: {A} Progressive Learning Approach for Zero-resource
               Machine Translation with Visual Pivots},
  booktitle = {Proceedings of the 28th International Joint Conference on Artificial Intelligence ({IJCAI} 2019)},
  pages     = {4932--4938},
  address   = {Macao, China},
  year      = {2019},
  month     = {August}
}
%60 uniter
%15
%15_DBLP:conf/eccv/ChenLYK0G0020
@inproceedings{chen2020uniter,
  author    = {Yen{-}Chun Chen and
               Linjie Li and
               Licheng Yu and
               Ahmed El Kholy and
               Faisal Ahmed and
               Zhe Gan and
               Yu Cheng and
               Jingjing Liu},
  title     = {{UNITER:} UNiversal Image-TExt Representation Learning},
  booktitle = {Proceedings of 16th European Conference on Computer Vision ({ECCV} 2020)},
  address   = {Glasgow, UK},
  pages     = {104--120},
  month     = {August},
  year      = {2020}
}
%2
%2_cho-etal-2014-learning
@inproceedings{cho2014learning,
    title = "Learning Phrase Representations using {RNN} Encoder{--}Decoder for Statistical Machine Translation",
    author = {Cho, Kyunghyun  and
      van Merri{\"e}nboer, Bart  and
      Gulcehre, Caglar  and
      Bahdanau, Dzmitry  and
      Bougares, Fethi  and
      Schwenk, Holger  and
      Bengio, Yoshua},
    booktitle = "Proceedings of the 2014 Conference on Empirical Methods in Natural Language Processing ({EMNLP} 2014)",
    month = oct,
    year = "2014",
    address = "Doha, Qatar",
    pages = "1724--1734",
}
@article{chung2014empirical,
  title={Empirical evaluation of gated recurrent neural networks on sequence modeling},
  author={Chung, Junyoung and Gulcehre, Caglar and Cho, KyungHyun and Bengio, Yoshua},
  journal={arXiv preprint arXiv:1412.3555},
  year={2014}
}
@inproceedings{collobert2011deep,
  title={Deep learning for efficient discriminative parsing},
  author={Collobert, Ronan},
  booktitle={Proceedings of the 14th International Conference on Artificial Intelligence and Statistics (AISTATS 2011)},
  pages={224--232},
  year={2011},
  address={Fort Lauderdale, USA},
  month={April}
}

%--------------------------------start with d--------------------------------%
%9
%9_DBLP:journals/corr/abs-1901-02860
@article{dai2019transformerxl,
  title={Transformer-xl: Attentive language models beyond a fixed-length context},
  author={Dai, Zihang and Yang, Zhilin and Yang, Yiming and Carbonell, Jaime and Le, Quoc V and Salakhutdinov, Ruslan},
  journal={arXiv preprint arXiv:1901.02860},
  year={2019}
}
%117
%117_DBLP:journals/corr/abs-1910-02766
@article{delbrouck2019adversarial,
  title={Adversarial reconstruction for multi-modal machine translation},
  author={Delbrouck, Jean-Benoit and Dupont, St{\'e}phane},
  journal={arXiv preprint arXiv:1910.02766},
  year={2019}
}
%46
%46_denkowski-lavie-2014-meteor
@inproceedings{denkowski2014meteor,
    title = "Meteor Universal: Language Specific Translation Evaluation for Any Target Language",
    author = "Denkowski, Michael  and
      Lavie, Alon",
    booktitle = "Proceedings of the 9th Workshop on Statistical Machine Translation ({WMT} 2014)",
    month = jun,
    year = "2014",
    address = "Baltimore, Maryland, USA",
    pages = "376--380",
}
%25
%7
%7_DBLP:conf/naacl/DevlinCLT19
@inproceedings{devlin2019bert,
  author    = {Jacob Devlin and
               Ming{-}Wei Chang and
               Kenton Lee and
               Kristina Toutanova},
  title     = {{BERT:} Pre-training of Deep Bidirectional Transformers for Language Understanding},
  booktitle = {Proceedings of the 2019 Conference of the North American Chapter of the Association for Computational Linguistics: Human Language Technologies ({NAACL-HLT} 2019)},
  pages     = {4171--4186},
  address   = {Minneapolis, MN, USA},
  year      = {2019},
  month     = {June}
}
%106 vit
%11
%11_DBLP:conf/iclr/DosovitskiyB0WZ21
@inproceedings{dosovitskiy2021vit,
  author    = {Alexey Dosovitskiy and
               Lucas Beyer and
               Alexander Kolesnikov and
               Dirk Weissenborn and
               Xiaohua Zhai and
               Thomas Unterthiner and
               Mostafa Dehghani and
               Matthias Minderer and
               Georg Heigold and
               Sylvain Gelly and
               Jakob Uszkoreit and
               Neil Houlsby},
  title     = {An Image is Worth 16x16 Words: Transformers for Image Recognition at Scale},
  booktitle = {Proceedings of 9th International Conference on Learning Representations ({ICLR} 2021)},
  address   = {Virtual Event, Austria},
  year      = {2021},
  month     = {May}
}
%21
%21_dutta-chowdhury-elliott-2019-understanding
@inproceedings{duttachowdhury2019understanding,
    title = "Understanding the Effect of Textual Adversaries in Multimodal Machine Translation",
    author = "Dutta Chowdhury, Koel  and
      Elliott, Desmond",
    booktitle = "Proceedings of the Beyond Vision and LANguage: inTEgrating Real-world kNowledge ({LANTERN} 2019)",
    month = nov,
    year = "2019",
    address = "Hong Kong, China",
    pages = "35--40",
}
%45
%45_dyer-etal-2013-simple
@inproceedings{dyer2013simple,
    title = "A Simple, Fast, and Effective Reparameterization of {IBM} Model 2",
    author = "Dyer, Chris  and
      Chahuneau, Victor  and
      Smith, Noah A.",
    booktitle = "Proceedings of the 2013 Conference of the North {A}merican Chapter of the Association for Computational Linguistics: Human Language Technologies ({NAACL-HLT} 2013)",
    month = jun,
    year = "2013",
    address = "Atlanta, Georgia",
    pages = "644--648",
}
%--------------------------------start with e--------------------------------%
%52
%52_DBLP:journals/corr/ElliottFH15
@article{elliott2015multilanguage,
  title={Multilingual image description with neural sequence models},
  author={Elliott, Desmond and Frank, Stella and Hasler, Eva},
  journal={arXiv preprint arXiv:1510.04709},
  year={2015}
}
%43
%43_elliott-etal-2016-multi30k
@inproceedings{elliott2016multi30k,
    title = "{M}ulti30{K}: Multilingual {E}nglish-{G}erman Image Descriptions",
    author = "Elliott, Desmond  and
      Frank, Stella  and
      Sima{'}an, Khalil  and
      Specia, Lucia",
    booktitle = "Proceedings of the 5th Workshop on Vision and Language ({VL} 2016)",
    month = aug,
    year = "2016",
    address = "Berlin, Germany",
    pages = "70--74",
}
%113
%113_elliott-etal-2017-findings
@inproceedings{elliott2017findings,
    title = "Findings of the Second Shared Task on Multimodal Machine Translation and Multilingual Image Description",
    author = {Elliott, Desmond  and
      Frank, Stella  and
      Barrault, Lo{\"\i}c  and
      Bougares, Fethi  and
      Specia, Lucia},
    booktitle = "Proceedings of the Second Conference on Machine Translation ({WMT} 2017)",
    month = sep,
    year = "2017",
    address = "Copenhagen, Denmark",
    pages = "215--233",
}
%37
%37_elliott-kadar-2017-imagination
@inproceedings{elliott2017imagination,
    title = "Imagination Improves Multimodal Translation",
    author = "Elliott, Desmond  and
      K{\'a}d{\'a}r, {\'A}kos",
    booktitle = "Proceedings of the 8th International Joint Conference on Natural Language Processing ({IJCNLP} 2017)",
    month = nov,
    year = "2017",
    address = "Taipei, Taiwan",
    pages = "130--141",
}
%23
%23_elliott-2018-adversarial
@inproceedings{elliott2018adversarial,
    title = "Adversarial Evaluation of Multimodal Machine Translation",
    author = "Elliott, Desmond",
    booktitle = "Proceedings of the 2018 Conference on Empirical Methods in Natural Language Processing ({EMNLP} 2018)",
    month = oct # "-" # nov,
    year = "2018",
    address = "Brussels, Belgium",
    pages = "2974--2978",
}
%--------------------------------start with f--------------------------------%
%119
%119_fang-feng-2022-neural
@inproceedings{fang2022neural,
    title = "Neural Machine Translation with Phrase-Level Universal Visual Representations",
    author = "Fang, Qingkai  and
      Feng, Yang",
    booktitle = "Proceedings of the 60th Annual Meeting of the Association for Computational Linguistics ({ACL} 2022)",
    month = may,
    year = "2022",
    address = "Dublin, Ireland",
    pages = "5687--5698",
}
@article{farabet2013learning,
  title={Learning hierarchical features for scene labeling},
  author={Farabet, Clement and Couprie, Camille and Najman, Laurent and LeCun, Yann},
  journal={IEEE Transactions on Pattern Analysis and Machine Intelligence},
  volume={35},
  number={8},
  pages={1915--1929},
  year={2012}
}

@article{feng1997zi,
  title={自然语言的计算机处理},
  author={冯志伟},
  journal={中文信息},
  number={4},
  pages={26--27},
  year={1997}
}
@article{fukushima1980neocognitron,
  title={Neocognitron: A self-organizing neural network model for a mechanism of pattern recognition unaffected by shift in position},
  author={Fukushima, Kunihiko},
  journal={Biological cybernetics},
  volume={36},
  number={4},
  pages={193--202},
  year={1980}
}
%--------------------------------start with g--------------------------------%
%97 doubly attention rnn
%97_gain-etal-2021-iitp
@inproceedings{gain2021iitp,
    title = "{IITP} at {WAT} 2021: System description for {E}nglish-{H}indi Multimodal Translation Task",
    author = "Gain, Baban  and
      Bandyopadhyay, Dibyanayan  and
      Ekbal, Asif",
    booktitle = "Proceedings of the 8th Workshop on Asian Translation ({WAT} 2021)",
    month = aug,
    year = "2021",
    address = "Online",
    pages = "161--165",
}
% YOLOv5
%DBLP:journals/corr/abs-2107-08430
@article{ge2021yolox,
  title={Yolox: Exceeding yolo series in 2021},
  author={Ge, Zheng and Liu, Songtao and Wang, Feng and Li, Zeming and Sun, Jian},
  journal={arXiv preprint arXiv:2107.08430},
  year={2021}
}
%6
%6_DBLP:journals/corr/GehringAGYD17
@inproceedings{gehring2017convolutional,
  author    = {Jonas Gehring and
               Michael Auli and
               David Grangier and
               Denis Yarats and
               Yann N. Dauphin},
  title     = {Convolutional Sequence to Sequence Learning},
  booktitle = {Proceedings of the 34th International Conference on Machine Learning ({ICML} 2017)},
  address   = {Sydney, NSW, Australia},
  month     = {August},
  pages     = {1243--1252},
  year      = {2017}
}
% R-CNN
%DBLP:conf/cvpr/GirshickDDM14,
@inproceedings{girshick2014rich,
  author    = {Ross B. Girshick and
               Jeff Donahue and
               Trevor Darrell and
               Jitendra Malik},
  title     = {Rich Feature Hierarchies for Accurate Object Detection and Semantic
               Segmentation},
  booktitle = {Proceedings of 2014 {IEEE} Conference on Computer Vision and Pattern Recognition ({CVPR} 2014)},
  pages     = {580--587},
  address   = {Columbus, OH, USA},
  year      = {2014},
  month     = {June}
}
% Fast R-CNN
%DBLP:conf/iccv/Girshick15,
@inproceedings{girshick2015fast,
  author    = {Ross B. Girshick},
  title     = {Fast {R-CNN}},
  booktitle = {Proceedings of 2015 {IEEE} International Conference on Computer Vision ({ICCV} 2015)},
  pages     = {1440--1448},
  address   = {Santiago, Chile},
  year      = {2015},
  month     = {December}
}
%102 doubly attention transformer
%102_gronroos-etal-2018-memad
@inproceedings{gronroos2018memad,
    title = "The {M}e{MAD} Submission to the {WMT}18 Multimodal Translation Task",
    author = {Gr{\"o}nroos, Stig-Arne  and
      Huet, Benoit  and
      Kurimo, Mikko  and
      Laaksonen, Jorma  and
      Merialdo, Bernard  and
      Pham, Phu  and
      Sj{\"o}berg, Mats  and
      Sulubacak, Umut  and
      Tiedemann, J{\"o}rg  and
      Troncy, Raphael  and
      V{\'a}zquez, Ra{\'u}l},
    booktitle = "Proceedings of the Third Conference on Machine Translation ({WMT} 2018)",
    month = oct,
    year = "2018",
    address = "Belgium, Brussels",
    pages = "603--611",
}
%124
%124_DBLP:conf/aaai/GuWCL18
@inproceedings{gu2018search,
  author    = {Jiatao Gu and
               Yong Wang and
               Kyunghyun Cho and
               Victor O. K. Li},
  title     = {Search Engine Guided Neural Machine Translation},
  booktitle = {Proceedings of the Thirty-Second {AAAI} Conference on Artificial Intelligence ({AAAI} 2018), the 30th innovative Applications of Artificial Intelligence ({IAAI} 2018), and the 8th {AAAI} Symposium on Educational Advances in Artificial Intelligence ({EAAI} 2018)},
  pages     = {5133--5140},
  address   = {New Orleans, Louisiana, USA},
  year      = {2018},
  month     = {February}
}
%121
%121_DBLP:conf/icml/GuuLTPC20
@inproceedings{guu2020retrieval,
  author    = {Kelvin Guu and
               Kenton Lee and
               Zora Tung and
               Panupong Pasupat and
               Ming{-}Wei Chang},
  title     = {Retrieval Augmented Language Model Pre-Training},
  booktitle = {Proceedings of the 37th International Conference on Machine Learning ({ICML} 2020)},
  pages     = {3929--3938},
  addrss    = {Virtual Event},
  year      = {2020},
  month     = {July}
}
%--------------------------------start with h--------------------------------%
%32
%32_DBLP:conf/cvpr/HeZRS16
@inproceedings{he2016deep,
  author    = {Kaiming He and
               Xiangyu Zhang and
               Shaoqing Ren and
               Jian Sun},
  title     = {Deep Residual Learning for Image Recognition},
  booktitle = {Proceedings of 2016 {IEEE} Conference on Computer Vision and Pattern Recognition ({CVPR} 2016)},
  pages     = {770--778},
  address   = {Las Vegas, NV, USA},
  year      = {2016},
  month = {June}
}
@article{hinton2012deep,
  title={Deep neural networks for acoustic modeling in speech recognition: The shared views of four research groups},
  author={Hinton, Geoffrey and Deng, Li and Yu, Dong and Dahl, George E and Mohamed, Abdel-rahman and Jaitly, Navdeep and Senior, Andrew and Vanhoucke, Vincent and Nguyen, Patrick and Sainath, Tara N and others},
  journal={IEEE Signal processing magazine},
  volume={29},
  number={6},
  pages={82--97},
  year={2012}
}
%116
%116_DBLP:conf/naacl/HirasawaYMK19
@inproceedings{hirasawa2019multimodal,
  author    = {Tosho Hirasawa and
               Hayahide Yamagishi and
               Yukio Matsumura and
               Mamoru Komachi},
  title     = {Multimodal Machine Translation with Embedding Prediction},
  booktitle = {Proceedings of the 2019 Conference of the North American Chapter of
               the Association for Computational Linguistics: Human Language Technologies ({NAACL-HLT} 2019)},
  pages     = {86--91},
  address   = {Minneapolis, MN, USA},
  year      = {2019},
  month     = {June}
}
%93
%93_DBLP:journals/access/HirasawaKIK22
@article{hirasawa2022pretrained,
  author    = {Tosho Hirasawa and
               Masahiro Kaneko and
               Aizhan Imankulova and
               Mamoru Komachi},
  title     = {Pre-Trained Word Embedding and Language Model Improve Multimodal Machine Translation: {A} Case Study in Multi30K},
  journal   = {{IEEE} Access},
  volume    = {10},
  pages     = {67653--67668},
  year      = {2022}
}
@article{hochreiter1997long,
  title={Long short-term memory},
  author={Hochreiter, Sepp and Schmidhuber, J{\"u}rgen},
  journal={Neural computation},
  volume={9},
  number={8},
  pages={1735--1780},
  year={1997}
}
%35
%35_huang-etal-2016-attention
@inproceedings{huang2016attention,
    title = "Attention-based Multimodal Neural Machine Translation",
    author = "Huang, Po-Yao  and
      Liu, Frederick  and
      Shiang, Sz-Rung  and
      Oh, Jean  and
      Dyer, Chris",
    booktitle = "Proceedings of the First Conference on Machine Translation ({WMT} 2016)",
    month = aug,
    year = "2016",
    address = "Berlin, Germany",
    pages = "639--645",
}
%DBLP:conf/cvpr/HuangLMW17,
@inproceedings{huang2017densely,
  author    = {Gao Huang and
               Zhuang Liu and
               Laurens van der Maaten and
               Kilian Q. Weinberger},
  title     = {Densely Connected Convolutional Networks},
  booktitle = {Proceedings of 2017 {IEEE} Conference on Computer Vision and Pattern Recognition ({CVPR} 2017)},
  pages     = {2261--2269},
  address   = {Honolulu, HI, USA},
  year      = {2017},
  month     = {July}
}
%64 pixel-bert
%16
%16_DBLP:journals/corr/abs-2004-00849
@article{huang2020pixelbert,
  title={Pixel-bert: Aligning image pixels with text by deep multi-modal transformers},
  author={Huang, Zhicheng and Zeng, Zhaoyang and Liu, Bei and Fu, Dongmei and Fu, Jianlong},
  journal={arXiv preprint arXiv:2004.00849},
  year={2020}
}
%127
%127_huang-etal-2020-unsupervised-multimodal
@inproceedings{huang2020unsupervised,
    title = "Unsupervised Multimodal Neural Machine Translation with Pseudo Visual Pivoting",
    author = "Huang, Po-Yao  and
      Hu, Junjie  and
      Chang, Xiaojun  and
      Hauptmann, Alexander",
    booktitle = "Proceedings of the 58th Annual Meeting of the Association for Computational Linguistics ({ACL} 2020)",
    month = jul,
    year = "2020",
    address = "Online",
    pages = "8226--8237",
}
%--------------------------------start with i--------------------------------%
%39
%39_ive-etal-2019-distilling
@inproceedings{ive2019distilling,
    title = "Distilling Translations with Visual Awareness",
    author = "Ive, Julia  and
      Madhyastha, Pranava  and
      Specia, Lucia",
    booktitle = "Proceedings of the 57th Annual Meeting of the Association for Computational Linguistics ({ACL} 2019)",
    month = jul,
    year = "2019",
    address = "Florence, Italy",
    pages = "6525--6538",
}
%111
%111_ive-etal-2021-exploiting
@inproceedings{ive2021exploiting,
    title = "Exploiting Multimodal Reinforcement Learning for Simultaneous Machine Translation",
    author = "Ive, Julia  and
      Li, Andy Mingren  and
      Miao, Yishu  and
      Caglayan, Ozan  and
      Madhyastha, Pranava  and
      Specia, Lucia",
    booktitle = "Proceedings of the 16th Conference of the European Chapter of the Association for Computational Linguistics ({EACL} 2021)",
    month = apr,
    year = "2021",
    address = "Online",
    pages = "3222--3233",
}
%--------------------------------start with j--------------------------------%
%--------------------------------start with k--------------------------------%
%kalchbrenner-blunsom-2013-recurrent
@inproceedings{kalchbrenner2013recurrent,
    title = "Recurrent Continuous Translation Models",
    author = "Kalchbrenner, Nal  and
      Blunsom, Phil",
    booktitle = "Proceedings of the 2013 Conference on Empirical Methods in Natural Language Processing ({EMNLP} 2013)",
    month = oct,
    year = "2013",
    address = "Seattle, Washington, USA",
    pages = "1700--1709",
}
%50
%亢晓勉, 宗成庆. 基于篇章结构多任务学习的神经机器翻译[J]. 软件学报, 2022, 33(10): 3806-3818. http://www.jos.org.cn/1000-9825/6316.htm    复制到剪切板
%Kang XM, Zong CQ. Neural Machine Translation Based on Multi-task Learning of Discourse Structure[J]. Journal of Software, 2022, 33(10): 3806-3818(in Chinese). http://www.jos.org.cn/1000-9825/6316.htm
%50_kang_zong_2022
@article{kang2022ji,
    title={基于篇章结构多任务学习的神经机器翻译},
    author={亢晓勉 and 宗成庆},
    key={Kang Xiao Mian Zong Cheng Qing},
    journal={软件学报},
    volume={33},
    number={10},
    pages={3806--3818},
    year={2022}
}
%123
%123_DBLP:conf/iclr/KhandelwalLJZL20
@inproceedings{khandelwal2020generalization,
  author    = {Urvashi Khandelwal and
               Omer Levy and
               Dan Jurafsky and
               Luke Zettlemoyer and
               Mike Lewis},
  title     = {Generalization through Memorization: Nearest Neighbor Language Models},
  booktitle = {Proceedings of the 8th International Conference on Learning Representations ({ICLR} 2020)},
  address   = {Addis Ababa, Ethiopia},
  year      = {2020},
  month     = {April}
}
%109_DBLP:journals/corr/abs-2007-10588
@article{kim2020cycnn,
  title={Cycnn: A rotation invariant cnn using polar mapping and cylindrical convolution layers},
  author={Kim, Jinpyo and Jung, Wooekun and Kim, Hyungmo and Lee, Jaejin},
  journal={arXiv preprint arXiv:2007.10588},
  year={2020}
}

%65 vilt
%17
%17_DBLP:conf/icml/KimSK21
@inproceedings{kim2021vilt,
  author    = {Wonjae Kim and
               Bokyung Son and
               Ildoo Kim},
  title     = {ViLT: Vision-and-Language Transformer Without Convolution or Region
               Supervision},
  booktitle = {Proceedings of the 38th International Conference on Machine Learning ({ICML} 2021)},
  pages     = {5583--5594},
  address   = {Virtual Event},
  year      = {2021},
  month     = {July}
}
%34
%34_DBLP:journals/corr/KingmaB14
@inproceedings{kingma2014adam,
  author    = {Diederik P. Kingma and
               Jimmy Ba},
  title     = {Adam: {A} Method for Stochastic Optimization},
  booktitle = {Proceedings of the 3rd International Conference on Learning Representations ({ICLR} 2015)},
  address   = {San Diego, CA, USA},
  year      = {2015},
  month     = {May},
}
%68
%68_DBLP:journals/corr/KirosSZ14
@article{kiros2014unifying,
  title={Unifying visual-semantic embeddings with multimodal neural language models},
  author={Kiros, Ryan and Salakhutdinov, Ruslan and Zemel, Richard S},
  journal={arXiv preprint arXiv:1411.2539},
  year={2014}
}

@inproceedings{koehn2003statistical,
    title = "Statistical Phrase-Based Translation",
    author = "Koehn, Philipp  and
      Och, Franz J.  and
      Marcu, Daniel",
    booktitle = "Proceedings of the 2003 Human Language Technology Conference of the North {A}merican Chapter of the Association for Computational Linguistics ({HLT-NAACL} 2003)",
    year = "2003",
    pages = "127--133",
}

%44
%44_koehn-etal-2007-moses
@inproceedings{koehn2007moses,
    title = "{M}oses: Open Source Toolkit for Statistical Machine Translation",
    author = "Koehn, Philipp  and
      Hoang, Hieu  and
      Birch, Alexandra  and
      Callison-Burch, Chris  and
      Federico, Marcello  and
      Bertoldi, Nicola  and
      Cowan, Brooke  and
      Shen, Wade  and
      Moran, Christine  and
      Zens, Richard  and
      Dyer, Chris  and
      Bojar, Ond{\v{r}}ej  and
      Constantin, Alexandra  and
      Herbst, Evan",
    booktitle = "Proceedings of the 45th Annual Meeting of the Association for Computational Linguistics Companion Volume Proceedings of the Demo and Poster Sessions ({ACL} 2007)",
    month = jun,
    year = "2007",
    address = "Prague, Czech Republic",
    pages = "177--180",
}
@article{krishna2017visual,
  author    = {Ranjay Krishna and
               Yuke Zhu and
               Oliver Groth and
               Justin Johnson and
               Kenji Hata and
               Joshua Kravitz and
               Stephanie Chen and
               Yannis Kalantidis and
               Li{-}Jia Li and
               David A. Shamma and
               Michael S. Bernstein and
               Li Fei{-}Fei},
  title     = {Visual Genome: Connecting Language and Vision Using Crowdsourced Dense
               Image Annotations},
  journal   = {International journal of computer vision},
  volume    = {123},
  number    = {1},
  pages     = {32--73},
  year      = {2017}
}
%DBLP:conf/nips/KrizhevskySH12
@inproceedings{krizhevsky2012imagenet,
  author    = {Alex Krizhevsky and
               Ilya Sutskever and
               Geoffrey E. Hinton},
  title     = {ImageNet Classification with Deep Convolutional Neural Networks},
  booktitle = {Advances in Neural Information Processing Systems 25: Annual Conference on Neural Information Processing Systems 2012 ({NIPS} 2012)},
  pages     = {1106--1114},
  year      = {2012},
  month     = {December},
  address   = {Lake Tahoe, Nevada, USA}
}
%--------------------------------start with l--------------------------------%
%98 doubly attention rnn
%98_laskar-etal-2021-improved
@inproceedings{laskar2021improved,
    title = "Improved {E}nglish to {H}indi Multimodal Neural Machine Translation",
    author = "Laskar, Sahinur Rahman  and
      Khilji, Abdullah Faiz Ur Rahman  and
      Kaushik, Darsh  and
      Pakray, Partha  and
      Bandyopadhyay, Sivaji",
    booktitle = "Proceedings of the 8th Workshop on Asian Translation ({WAT}2021)",
    month = aug,
    year = "2021",
    address = "Online",
    pages = "155--160",
}
%DBLP:journals/pieee/LeCunBBH98
@article{lecun1998gradient,
  title={Gradient-based learning applied to document recognition},
  journal={Proceedings of the IEEE},
  volume={86},
  number={11},
  pages={2278--2324},
  year={1998}
}
@inproceedings{lecun1989handwritten,
  author    = {Yann LeCun and
               Bernhard E. Boser and
               John S. Denker and
               Donnie Henderson and
               Richard E. Howard and
               Wayne E. Hubbard and
               Lawrence D. Jackel},
  editor    = {David S. Touretzky},
  title     = {Handwritten Digit Recognition with a Back-Propagation Network},
  booktitle = {Advances in Neural Information Processing Systems 2: Annual Conference on Neural Information Processing Systems ({NIPS} 1989)},
  pages     = {396--404},
  address   = {Denver, Colorado, USA},
  year      = {1989},
  month     = {November}
}
@article{lecun2015deep,
  title={Deep learning},
  author={LeCun, Yann and Bengio, Yoshua and Hinton, Geoffrey},
  journal={Nature},
  volume={521},
  number={7553},
  pages={436--444},
  year={2015}
}
@inproceedings{lewis2020bart,
  title={BART: Denoising Sequence-to-Sequence Pre-training for Natural Language Generation, Translation, and Comprehension},
  author={Lewis, Mike and Liu, Yinhan and Goyal, Naman and Ghazvininejad, Marjan and Mohamed, Abdelrahman and Levy, Omer and Stoyanov, Veselin and Zettlemoyer, Luke},
  booktitle={Proceedings of the 58th Annual Meeting of the Association for Computational Linguistics ({ACL} 2020)},
  pages={7871--7880},
  year={2020},
  month={July},
  address={Online}
}
%57 visual_bert
%7_visual_bert
@article{li2019visualbert,
  title={Visualbert: A simple and performant baseline for vision and language},
  author={Li, Liunian Harold and Yatskar, Mark and Yin, Da and Hsieh, Cho-Jui and Chang, Kai-Wei},
  journal={arXiv preprint arXiv:1908.03557},
  year={2019}
}
%58 unicoder-vl
%58_unicoder_vl
@inproceedings{li2020unicodervl,
  author    = {Gen Li and
               Nan Duan and
               Yuejian Fang and
               Ming Gong and
               Daxin Jiang},
  title     = {Unicoder-VL: {A} Universal Encoder for Vision and Language by Cross-Modal
               Pre-Training},
  booktitle = {Proceedings of the 34th {AAAI} Conference on Artificial Intelligence ({AAAI} 2020), the 32nd Innovative Applications of Artificial Intelligence
               Conference ({IAAI} 2020), the 10th {AAAI} Symposium on Educational
               Advances in Artificial Intelligence ({EAAI} 2020)},
  pages     = {11336--11344},
  address   = {New York, NY, USA},
  year      = {2020},
  month     = {Feburary}
}
%63 albef
%63_albef
@inproceedings{li2021align,
  author    = {Junnan Li and
               Ramprasaath R. Selvaraju and
               Akhilesh Gotmare and
               Shafiq R. Joty and
               Caiming Xiong and
               Steven Chu{-}Hong Hoi},
  title     = {Align before Fuse: Vision and Language Representation Learning with
               Momentum Distillation},
  booktitle = {Advances in Neural Information Processing Systems 34: Annual Conference on Neural Information Processing Systems 2021 ({NeurIPS} 2021)},
  pages     = {9694--9705},
  year      = {2021},
  month     = {December},
  address   = {virtual event}
}
% 80 unimo
%80_li-etal-2021-unimo
@inproceedings{li2021unimo,
    title = "{UNIMO}: Towards Unified-Modal Understanding and Generation via Cross-Modal Contrastive Learning",
    author = "Li, Wei  and
      Gao, Can  and
      Niu, Guocheng  and
      Xiao, Xinyan  and
      Liu, Hao  and
      Liu, Jiachen  and
      Wu, Hua  and
      Wang, Haifeng",
    booktitle = "Proceedings of the 59th Annual Meeting of the Association for Computational Linguistics and the 11th International Joint Conference on Natural Language Processing ({ACL}-{IJCNLP} 2021)",
    month = aug,
    year = "2021",
    address = "Online",
    pages = "2592--2607",
}
%22
%22_li-etal-2021-vision
@inproceedings{li2021vision,
    title = "Vision Matters When It Should: Sanity Checking Multimodal Machine Translation Models",
    author = "Li, Jiaoda  and
      Ataman, Duygu  and
      Sennrich, Rico",
    booktitle = "Proceedings of the 2021 Conference on Empirical Methods in Natural Language Processing ({EMNLP} 2021)",
    month = nov,
    year = "2021",
    address = "Online and Punta Cana, Dominican Republic",
    pages = "8556--8562",
}
%105
%105_li-etal-2022-vision
@inproceedings{li2022vision,
    title = "On Vision Features in Multimodal Machine Translation",
    author = "Li, Bei  and
      Lv, Chuanhao  and
      Zhou, Zefan  and
      Zhou, Tao  and
      Xiao, Tong  and
      Ma, Anxiang  and
      Zhu, JingBo",
    booktitle = "Proceedings of the 60th Annual Meeting of the Association for Computational Linguistics ({ACL} 2022)",
    month = may,
    year = "2022",
    address = "Dublin, Ireland",
    pages = "6327--6337",
}
%47
%47_DBLP:conf/wmt/LibovickyHM18
@inproceedings{libovicky2018input,
  author    = {Jindrich Libovick{\'{y}} and
               Jindrich Helcl and
               David Marecek},
  title     = {Input Combination Strategies for Multi-Source Transformer Decoder},
  booktitle = {Proceedings of the 3rd Conference on Machine Translation: Research
               Papers ({WMT} 2018)},
  pages     = {253--260},
  address   = {Belgium, Brussels},
  year      = {2018},
  month     = {October}
}
%86
%86_DBLP:conf/lrec/LisonT16
@inproceedings{lison2016opensubtitles2016,
  author    = {Pierre Lison and
               J{\"{o}}rg Tiedemann},
  title     = {OpenSubtitles2016: Extracting Large Parallel Corpora from Movie and
               {TV} Subtitles},
  booktitle = {Proceedings of the 10th International Conference on Language Resources
               and Evaluation ({LREC} 2016)},
  address   = {Portoro{\v{z}}, Slovenia},
  year      = {2016},
  month     = {May}
}
@article{liu2019roberta,
  title={Roberta: A robustly optimized bert pretraining approach},
  author={Liu, Yinhan and Ott, Myle and Goyal, Naman and Du, Jingfei and Joshi, Mandar and Chen, Danqi and Levy, Omer and Lewis, Mike and Zettlemoyer, Luke and Stoyanov, Veselin},
  journal={arXiv preprint arXiv:1907.11692},
  year={2019}
}
%104
%104_DBLP:journals/corr/abs-2103-08862
%41
%41_DBLP:journals/corr/abs-2103-08862
@article{liu2021gumbel,
  title={Gumbel-attention for multi-modal machine translation},
  author={Liu, Pengbo and Cao, Hailong and Zhao, Tiejun},
  journal={arXiv preprint arXiv:2103.08862},
  year={2021}
}
%107 swin transformer
%12
%12_DBLP:conf/iccv/LiuL00W0LG21
@inproceedings{liu2021swin,
  author    = {Ze Liu and
               Yutong Lin and
               Yue Cao and
               Han Hu and
               Yixuan Wei and
               Zheng Zhang and
               Stephen Lin and
               Baining Guo},
  title     = {Swin Transformer: Hierarchical Vision Transformer using Shifted Windows},
  booktitle = {Proceedings of the 2021 {IEEE/CVF} International Conference on Computer Vision ({ICCV} 2021)},
  pages     = {9992--10002},
  address   = {Montreal, QC, Canada},
  year      = {2021},
  month     = {October}
}
%51
%51_long-etal-2021-generative
@inproceedings{long2021generative,
    title = "Generative Imagination Elevates Machine Translation",
    author = "Long, Quanyu  and
      Wang, Mingxuan  and
      Li, Lei",
    booktitle = "Proceedings of the 2021 Conference of the North American Chapter of the Association for Computational Linguistics: Human Language Technologies ({NAACL}-{HLT} 2021)",
    month = jun,
    year = "2021",
    address = "Online",
    pages = "5738--5748",
}
%69 
%69_DBLP:conf/cvpr/LuXPS17
@inproceedings{lu2017knowing,
  author    = {Jiasen Lu and
               Caiming Xiong and
               Devi Parikh and
               Richard Socher},
  title     = {Knowing When to Look: Adaptive Attention via a Visual Sentinel for
               Image Captioning},
  booktitle = {Proceedings of the 2017 {IEEE} Conference on Computer Vision and Pattern Recognition ({CVPR} 2017)},
  pages     = {3242--3250},
  address   = {Honolulu, HI, USA},
  year      = {2017},
  month     = {July}
}
%61 vilbert
%14
%14_DBLP:conf/nips/LuBPL19
@inproceedings{lu2019vilbert,
  author    = {Jiasen Lu and
               Dhruv Batra and
               Devi Parikh and
               Stefan Lee},
  title     = {ViLBERT: Pretraining Task-Agnostic Visiolinguistic Representations
               for Vision-and-Language Tasks},
  booktitle = {Advances in Neural Information Processing Systems 32: Annual Conference on Neural Information Processing Systems 2019 ({NeurIPS} 2019)},
  pages     = {13--23},
  year      = {2019},
  month     = {December},
  address   = {Vancouver, BC, Canada}
}
%4
%4_luong-etal-2015-effective
@inproceedings{luong2015effective,
    title = "Effective Approaches to Attention-based Neural Machine Translation",
    author = "Luong, Thang  and
      Pham, Hieu  and
      Manning, Christopher D.",
    booktitle = "Proceedings of the 2015 Conference on Empirical Methods in Natural Language Processing ({EMNLP} 2015)",
    month = sep,
    year = "2015",
    address = "Lisbon, Portugal",
    pages = "1412--1421",
}

%--------------------------------start with m--------------------------------%
@inproceedings{mikolov2011strategies,
  author       = {Tom{\'{a}}s Mikolov and
                  Anoop Deoras and
                  Daniel Povey and
                  Luk{\'{a}}s Burget and
                  Jan Cernock{\'{y}}},
  title        = {Strategies for training large scale neural network language models},
  booktitle    = {Proceedings of the 2011 {IEEE} Workshop on Automatic Speech Recognition {\&} Understanding ({ASRU} 2011)},
  pages        = {196--201},
  address      = {Waikoloa, HI, USA},
  year         = {2011},
  month        = {December},
}
%108
%108_DBLP:journals/corr/abs-2211-11812
@article{mo2022riccnn,
  title={RIC-CNN: Rotation-Invariant Coordinate Convolutional Neural Network},
  author={Mo, Hanlin and Zhao, Guoying},
  journal={arXiv preprint arXiv:2211.11812},
  year={2022}
}
%--------------------------------start with n--------------------------------%
@article{nagao1984framework,
  title={A framework of mechanical translation between Japanese and English by analogy principle},
  author={Nagao, Makoto},
  journal={Artificial and Human Intelligence},
  pages={173--180},
  year={1984}
}
%54
%54_DBLP:journals/mt/NakayamaN17
@article{nakayama2017zero,
  author    = {Hideki Nakayama and
               Noriki Nishida},
  title     = {Zero-resource machine translation by multimodal encoder-decoder network
               with multimedia pivot},
  journal   = {Machine Translation},
  volume    = {31},
  number    = {1-2},
  pages     = {49--64},
  year      = {2017}
}
@InProceedings{nakayama2020flickr30kentjp,
  author    = {Nakayama, Hideki  and  Tamura, Akihiro  and  Ninomiya, Takashi},
  title     = {A Visually-Grounded Parallel Corpus with Phrase-to-Region Linking},
  booktitle      = {Proceedings of the 12th Language Resources and Evaluation Conference ({LREC} 2020)},
  month          = {May},
  year           = {2020},
  address        = {Marseille, France},
  pages     = {4204--4210},
}
%83
%83_DBLP:conf/icassp/Ney99
@inproceedings{ney1999speech,
  author    = {Hermann Ney},
  title     = {Speech translation: coupling of recognition and translation},
  booktitle = {Proceedings of the 1999 {IEEE} International Conference on Acoustics,
               Speech, and Signal Processing ({ICASSP} 1999)},
  pages     = {517--520},
  address   = {Phoenix, Arizona, USA},
  year      = {1999},
  month     = {March}
}
%--------------------------------start with p--------------------------------%
% 70 many-to-many
%70_pan-etal-2021-contrastive
@inproceedings{pan2021contrastive,
    title = "Contrastive Learning for Many-to-many Multilingual Neural Machine Translation",
    author = "Pan, Xiao  and
      Wang, Mingxuan  and
      Wu, Liwei  and
      Li, Lei",
    booktitle = "Proceedings of the 59th Annual Meeting of the Association for Computational Linguistics and the 11th International Joint Conference on Natural Language Processing ({ACL}-{IJCNLP} 2021)",
    month = aug,
    year = "2021",
    address = "Online",
    pages = "244--258",
}
%42
%42_papineni-etal-2002-bleu
@inproceedings{papineni2002bleu,
    title = "{B}leu: a Method for Automatic Evaluation of Machine Translation",
    author = "Papineni, Kishore  and
      Roukos, Salim  and
      Ward, Todd  and
      Zhu, Wei-Jing",
    booktitle = "Proceedings of the 40th Annual Conference of the Association for Computational Linguistics ({ACL} 2002)",
    month = jul,
    year = "2002",
    address = "Philadelphia, Pennsylvania, USA",
    pages = "311--318",
}
%10
%10_DBLP:journals/corr/abs-1802-05751
@inproceedings{parmar2018image,
  author    = {Niki Parmar and
               Ashish Vaswani and
               Jakob Uszkoreit and
               Lukasz Kaiser and
               Noam Shazeer and
               Alexander Ku and
               Dustin Tran},
  title     = {Image Transformer},
  booktitle = {Proceedings of the 35th International Conference on Machine Learning ({ICML} 2018)},
  address   = {Stockholmsm{\"{a}}ssan, Stockholm, Sweden},
  month     = {July},
  pages     = {4052--4061},
  year      = {2018},
}
@article{parida2019hindi,
  title={Hindi visual genome: A dataset for multi-modal english to hindi machine translation},
  author={Parida, Shantipriya and Bojar, Ond{\v{r}}ej and Dash, Satya Ranjan},
  journal={Computaci{\'o}n y Sistemas},
  volume={23},
  number={4},
  pages={1499--1505},
  year={2019}
}

%29
%29_DBLP:conf/iccv/PlummerWCCHL15
@inproceedings{plummer2015flickr30k,
  author    = {Bryan A. Plummer and
               Liwei Wang and
               Chris M. Cervantes and
               Juan C. Caicedo and
               Julia Hockenmaier and
               Svetlana Lazebnik},
  title     = {Flickr30k Entities: Collecting Region-to-Phrase Correspondences for
               Richer Image-to-Sentence Models},
  booktitle = {Proceedings of the 2015 {IEEE} International Conference on Computer Vision ({ICCV} 2015)},
  pages     = {2641--2649},
  address   = {Santiago, Chile},
  year      = {2015},
  month     = {December}
}
%30
%30_DBLP:journals/ijcv/PlummerWCCHL17
@article{plummer2017flickr30k,
  title={Flickr30k Entities: Collecting Region-to-Phrase Correspondences for Richer Image-to-Sentence Models},
  author={Plummer, Bryan A and Wang, Liwei and Cervantes, Chris M and Caicedo, Juan C and Hockenmaier, Julia and Lazebnik, Svetlana},
  journal={International Journal of Computer Vision},
  volume={123},
  number={1},
  pages={74--93},
  year={2017},
  publisher={Kluwer Academic Publishers Norwell, MA, USA}
}
%--------------------------------start with r--------------------------------%
@article{radfordimproving,
  title={Improving Language Understanding by Generative Pre-Training},
  author={Radford, Alec and Narasimhan, Karthik and Salimans, Tim and Sutskever, Ilya}
}
@article{raffel2020exploring,
  title={Exploring the limits of transfer learning with a unified text-to-text transformer},
  author={Raffel, Colin and Shazeer, Noam and Roberts, Adam and Lee, Katherine and Narang, Sharan and Matena, Michael and Zhou, Yanqi and Li, Wei and Liu, Peter J},
  journal={The Journal of Machine Learning Research},
  volume={21},
  number={1},
  pages={5485--5551},
  year={2020},
}
% YOLO
%DBLP:conf/cvpr/RedmonDGF16
@inproceedings{redmon2016you,
  author    = {Joseph Redmon and
               Santosh Kumar Divvala and
               Ross B. Girshick and
               Ali Farhadi},
  title     = {You Only Look Once: Unified, Real-Time Object Detection},
  booktitle = {Proceedings of the 2016 {IEEE} Conference on Computer Vision and Pattern Recognition ({CVPR} 2016)},
  pages     = {779--788},
  address   = {Las Vegas, NV, USA},
  year      = {2016},
  month     = {June}
}
% YOLOv2
%DBLP:conf/cvpr/RedmonF17
@inproceedings{redmon2017yolo9000,
  author    = {Joseph Redmon and
               Ali Farhadi},
  title     = {{YOLO9000:} Better, Faster, Stronger},
  booktitle = {Proceedings of the 2017 {IEEE} Conference on Computer Vision and Pattern Recognition ({CVPR} 2017)},
  pages     = {6517--6525},
  address   = {Honolulu, HI, USA},
  year      = {2017},
  month     = {July}
}
%26
% YOLOv3
%DBLP:journals/corr/abs-1804-02767
@article{redmon2018yolov3,
  title={Yolov3: An incremental improvement},
  author={Redmon, Joseph and Farhadi, Ali},
  journal={arXiv preprint arXiv:1804.02767},
  year={2018}
}

% Faster R-CNN
%DBLP:conf/nips/RenHGS15
@inproceedings{ren2015faster,
  author    = {Shaoqing Ren and
               Kaiming He and
               Ross B. Girshick and
               Jian Sun},
  title     = {Faster {R-CNN:} Towards Real-Time Object Detection with Region Proposal Networks},
  booktitle = {Advances in Neural Information Processing Systems 28: Annual Conference on Neural Information Processing Systems 2015 ({NIPS} 2015)},
  address   = {Montreal, Quebec, Canada},
  pages     = {91--99},
  year      = {2015},
  month     = {December}
}
%31
%31_DBLP:journals/ijcv/RussakovskyDSKS15
@article{russakovsky2015imagenet,
  title={Imagenet large scale visual recognition challenge},
  author={Russakovsky, Olga and Deng, Jia and Su, Hao and Krause, Jonathan and Satheesh, Sanjeev and Ma, Sean and Huang, Zhiheng and Karpathy, Andrej and Khosla, Aditya and Bernstein, Michael and others},
  journal={International Journal of Computer Vision},
  volume={115},
  pages={211--252},
  year={2015}
}
%--------------------------------start with s--------------------------------%
%115
%115_saha-etal-2016-correlational
@inproceedings{saha2016correlational,
    title = "A Correlational Encoder Decoder Architecture for Pivot Based Sequence Generation",
    author = "Saha, Amrita  and
      Khapra, Mitesh M.  and
      Chandar, Sarath  and
      Rajendran, Janarthanan  and
      Cho, Kyunghyun",
    booktitle = "Proceedings of the 26th International Conference on Computational Linguistics ({COLING} 2016)",
    month = dec,
    year = "2016",
    address = "Osaka, Japan",
    pages = "109--118",
}
@inproceedings{sainath2013improvements,
  title={Improvements to deep convolutional neural networks for LVCSR},
  author={Sainath, Tara N and Kingsbury, Brian and Mohamed, Abdel-rahman and Dahl, George E and Saon, George and Soltau, Hagen and Beran, Tomas and Aravkin, Aleksandr Y and Ramabhadran, Bhuvana},
  booktitle={Proceedings of the 2013 {IEEE} Workshop on Automatic Speech Recognition \& Understanding ({ASRU} 2013)},
  pages={315--320},
  year={2013},
  month={December},
  address={Olomouc, Czech Republic}
}
%87
%87_DBLP:journals/corr/abs-1811-00347
@article{sanabria2018how2,
  title={How2: a large-scale dataset for multimodal language understanding},
  author={Sanabria, Ramon and Caglayan, Ozan and Palaskar, Shruti and Elliott, Desmond and Barrault, Lo{\"\i}c and Specia, Lucia and Metze, Florian},
  journal={arXiv preprint arXiv:1811.00347},
  year={2018}
}
@article{schwenk2007continuous,
  title={Continuous space language models},
  author={Schwenk, Holger},
  journal={Computer Speech \& Language},
  volume={21},
  number={3},
  pages={492--518},
  year={2007},
}
@article{schwenk2010continuous,
  title={Continuous-Space Language Models for Statistical Machine Translation.},
  author={Schwenk, Holger},
  journal={Prague Bull. Math. Linguistics},
  volume={93},
  pages={137--146},
  year={2010}
}
%27
%27_sennrich-etal-2016-neural
@inproceedings{sennrich2016neural,
    title = "Neural Machine Translation of Rare Words with Subword Units",
    author = "Sennrich, Rico  and
      Haddow, Barry  and
      Birch, Alexandra",
    booktitle = "Proceedings of the 54th Annual Meeting of the Association for Computational Linguistics ({ACL} 2016)",
    month = aug,
    year = "2016",
    address = "Berlin, Germany",
    pages = "1715--1725",
}
%8
%8_DBLP:journals/corr/abs-1803-02155
@article{shaw2018self,
  title={Self-attention with relative position representations},
  author={Shaw, Peter and Uszkoreit, Jakob and Vaswani, Ashish},
  journal={arXiv preprint arXiv:1803.02155},
  year={2018}
}
%DBLP:journals/corr/SimonyanZ14a
@inproceedings{simonyan2015very,
  author    = {Karen Simonyan and
               Andrew Zisserman},
  title     = {Very Deep Convolutional Networks for Large-Scale Image Recognition},
  booktitle = {Proceedings of the 3rd International Conference on Learning Representations ({ICLR} 2015)},
  address   = {San Diego, CA, USA},
  year      = {2015},
  month     = {May}
}
%112
%112_specia-etal-2016-shared
@inproceedings{specia2016shared,
    title = "A Shared Task on Multimodal Machine Translation and Crosslingual Image Description",
    author = "Specia, Lucia  and
      Frank, Stella  and
      Sima{'}an, Khalil  and
      Elliott, Desmond",
    booktitle = "Proceedings of the 1st Conference on Machine Translation ({WMT} 2016)",
    month = aug,
    year = "2016",
    address = "Berlin, Germany",
    pages = "543--553",
}
@article{somers1999example,
  title={Example-based machine translation},
  author={Somers, Harold},
  journal={Machine translation},
  volume={14},
  pages={113--157},
  year={1999}
}
@inproceedings{song2021product,
  author       = {Yuqing Song and
                  Shizhe Chen and
                  Qin Jin and
                  Wei Luo and
                  Jun Xie and
                  Fei Huang},
  title        = {Product-oriented Machine Translation with Cross-modal Cross-lingual
                  Pre-training},
  booktitle    = {Proceddings of the 29th ACM International Conference on Multimedia {MM} 2021},
  address      = {Virtual Event, China},
  pages        = {2843--2852},
  year         = {2021},
  month        = {October}
}
%a service of  Schloss Dagstuhl - Leibniz Center for Informatics	homebrowsesearchaboutnfdi

%126
%126_DBLP:conf/cvpr/SuFBKH19
@inproceedings{su2019unsupervised,
  author    = {Yuanhang Su and
               Kai Fan and
               Nguyen Bach and
               C.{-}C. Jay Kuo and
               Fei Huang},
  title     = {Unsupervised Multi-Modal Neural Machine Translation},
  booktitle = {Proceedings of the {IEEE} Conference on Computer Vision and Pattern Recognition ({CVPR} 2019)},
  pages     = {10482--10491},
  address   = {Long Beach, CA, USA},
  year      = {2019},
  month     = {June}
}
%59 vl-bert
%59_vl_bert
@inproceedings{su2020vlbert,
  author    = {Weijie Su and
               Xizhou Zhu and
               Yue Cao and
               Bin Li and
               Lewei Lu and
               Furu Wei and
               Jifeng Dai},
  title     = {{VL-BERT:} Pre-training of Generic Visual-Linguistic Representations},
  booktitle = {Proceedings of the 8th International Conference on Learning Representations ({ICLR} 2020)},
  address   = {Addis Ababa, Ethiopia},
  year      = {2020},
  month     = {April}
}
%81 the survey
%81_DBLP:journals/mt/SulubacakCGREST20
@article{sulubacak2020multimodal,
  author    = {Umut Sulubacak and
               Ozan Caglayan and
               Stig{-}Arne Gr{\"{o}}nroos and
               Aku Rouhe and
               Desmond Elliott and
               Lucia Specia and
               J{\"{o}}rg Tiedemann},
  title     = {Multimodal machine translation through visuals and speech},
  journal   = {Machine Translation},
  volume    = {34},
  number    = {2-3},
  pages     = {97--147},
  year      = {2020}
}
%91
%91_susanto-etal-2021-rakutens
@inproceedings{susanto2021rakutens,
    title = "Rakuten{'}s Participation in {WAT} 2021: Examining the Effectiveness of Pre-trained Models for Multilingual and Multimodal Machine Translation",
    author = "Susanto, Raymond Hendy  and
      Wang, Dongzhe  and
      Yadav, Sunil  and
      Jain, Mausam  and
      Htun, Ohnmar",
    booktitle = "Proceedings of the 8th Workshop on Asian Translation ({WAT}2021)",
    month = aug,
    year = "2021",
    address = "Online",
    pages = "96--105",
}
%1
%1_DBLP:journals/corr/SutskeverVL14
@inproceedings{sutskever2014sequence,
  author       = {Ilya Sutskever and
                  Oriol Vinyals and
                  Quoc V. Le},
  title        = {Sequence to Sequence Learning with Neural Networks},
  booktitle    = {Advances in Neural Information Processing Systems 27: Annual Conference on Neural Information Processing Systems 2014 ({NIPS} 2014)},
  pages        = {3104--3112},
  year         = {2014},
  month        = {December},
  address      = {Montreal, Quebec, Canada}
}
%DBLP:journals/corr/SzegedyLJSRAEVR14
@inproceedings{szegedy2014going,
  author    = {Christian Szegedy and
               Wei Liu and
               Yangqing Jia and
               Pierre Sermanet and
               Scott E. Reed and
               Dragomir Anguelov and
               Dumitru Erhan and
               Vincent Vanhoucke and
               Andrew Rabinovich},
  title     = {Going Deeper with Convolutions},
  booktitle    = {Proceedings of the IEEE Conference on Computer Vision and Pattern Recognition ({CVPR} 2015)},
  pages        = {1--9},
  year         = {2015},
  month        = {June},
  address      = {Boston, MA, USA}
}
%--------------------------------start with t--------------------------------%
%62 lxmert
%62_lxmert
@inproceedings{tan2019lxmert,
    title = "{LXMERT}: Learning Cross-Modality Encoder Representations from Transformers",
    author = "Tan, Hao  and
      Bansal, Mohit",
    booktitle = "Proceedings of the 2019 Conference on Empirical Methods in Natural Language Processing and the 9th International Joint Conference on Natural Language Processing ({EMNLP}-{IJCNLP} 2019)",
    month = nov,
    year = "2019",
    address = "Hong Kong, China",
    pages = "5100--5111",
}
%120
%120_tang-etal-2022-multimodal
@inproceedings{tang2022multimodal,
    title = "Multimodal Neural Machine Translation with Search Engine Based Image Retrieval",
    author = "Tang, ZhenHao  and
      Zhang, XiaoBing  and
      Long, Zi  and
      Fu, XiangHua",
    booktitle = "Proceedings of the 9th Workshop on Asian Translation ({WAT} 2022)",
    month = oct,
    year = "2022",
    address = "Gyeongju, Republic of Korea",
    pages = "89--98",
}
@inproceedings{tompson2014joint,
  author       = {Jonathan Tompson and
                  Arjun Jain and
                  Yann LeCun and
                  Christoph Bregler},
  title        = {Joint Training of a Convolutional Network and a Graphical Model for Human Pose Estimation},
  booktitle    = {Advances in Neural Information Processing Systems 27: Annual Conference on Neural Information Processing Systems 2014 ({NIPS} 2014)},
  pages        = {1799--1807},
  year         = {2014},
  month        = {December},
  address      = {Montreal, Quebec, Canada}
}
%--------------------------------start with v--------------------------------%
%5
%5_DBLP:journals/corr/VaswaniSPUJGKP17
@inproceedings{vaswani2017attention,
  author    = {Ashish Vaswani and
               Noam Shazeer and
               Niki Parmar and
               Jakob Uszkoreit and
               Llion Jones and
               Aidan N. Gomez and
               Lukasz Kaiser and
               Illia Polosukhin},
  editor    = {Isabelle Guyon and
               Ulrike von Luxburg and
               Samy Bengio and
               Hanna M. Wallach and
               Rob Fergus and
               S. V. N. Vishwanathan and
               Roman Garnett},
  title     = {Attention is All you Need},
  booktitle = {Advances in Neural Information Processing Systems 30: Annual Conference on Neural Information Processing Systems 2017 ({NIPS} 2017)},
  pages     = {5998--6008},
  year      = {2017},
  month     = {December},
  address   = {Long Beach, CA, {USA}}
}
%82
%82_DBLP:conf/icassp/Vidal97
@inproceedings{vida1997finite,
  author    = {Enrique Vidal},
  title     = {Finite-state speech-to-speech translation},
  booktitle = {Proceedings of the 1997 {IEEE} International Conference on Acoustics, Speech, and Signal Processing ({ICASSP} 1997)},
  pages     = {111--114},
  address   = {Munich, Germany},
  year      = {1997},
  month     = {April}
}
%66 show and tell
%66_DBLP:conf/cvpr/VinyalsTBE15
@inproceedings{vinyals2015show,
  author    = {Oriol Vinyals and
               Alexander Toshev and
               Samy Bengio and
               Dumitru Erhan},
  title     = {Show and tell: {A} neural image caption generator},
  booktitle = {Proceedings of the {IEEE} Conference on Computer Vision and Pattern Recognition ({CVPR} 2015)},
  pages     = {3156--3164},
  address   = {Boston, MA, USA},
  year      = {2015},
  month     = {June}
}
@inproceedings{vogel1996hmm,
    title = "{HMM}-Based Word Alignment in Statistical Translation",
    author = "Vogel, Stephan  and
      Ney, Hermann  and
      Tillmann, Christoph",
    booktitle = "Proceedings of the 16th International Conference on Computational Linguistics ({COLING} 1996)",
    year = "1996",
    pages = "836--841"
}


%--------------------------------start with w--------------------------------%
%88
%88_DBLP:conf/iccv/WangWCLWW19
@inproceedings{wang2019vatex,
  author    = {Xin Wang and
               Jiawei Wu and
               Junkun Chen and
               Lei Li and
               Yuan{-}Fang Wang and
               William Yang Wang},
  title     = {VaTeX: {A} Large-Scale, High-Quality Multilingual Dataset for Video-and-Language
               Research},
  booktitle = {Proceedings of the 2019 {IEEE/CVF} International Conference on Computer Vision ({ICCV} 2019)},
  pages     = {4580--4590},
  address   = {Seoul, Korea (South)},
  year      = {2019},
  month     = {October - November}
}
%48
%48_DBLP:conf/aaai/WangX21
@inproceedings{wang2021efficient,
  author    = {Dexin Wang and
               Deyi Xiong},
  title     = {Efficient Object-Level Visual Context Modeling for Multimodal Machine
               Translation: Masking Irrelevant Objects Helps Grounding},
  booktitle = {Proceedings of the 35th {AAAI} Conference on Artificial Intelligence ({AAAI} 2021), the 33rd Conference on Innovative Applications of Artificial Intelligence ({IAAI} 2021), the 11th Symposium on Educational Advances in Artificial Intelligence ({EAAI} 2021)},
  pages     = {2720--2728},
  address   = {Virtual Event},
  year      = {2021},
  month     = {February}
}
%90
%90_wang-etal-2021-make
@inproceedings{wang2021make,
    title = "Make the Blind Translator See The World: A Novel Transfer Learning Solution for Multimodal Machine Translation",
    author = "Wang, Minghan  and
      Guo, Jiaxin  and
      Chen, Yimeng  and
      Su, Chang  and
      Zhang, Min  and
      Tao, Shimin  and
      Yang, Hao",
    booktitle = "Proceedings of the Machine Translation Summit XVIII: Research Track ({MTSummit} 2021)",
    month = aug,
    year = "2021",
    address = "Virtual",
    pages = "139--149",
}
%49
%49_wang-zhang-2022-addressing
@inproceedings{wang2022addressing,
    title = "Addressing Asymmetry in Multilingual Neural Machine Translation with Fuzzy Task Clustering",
    author = "Wang, Qian  and
      Zhang, Jiajun",
    booktitle = "Proceedings of the 29th International Conference on Computational Linguistics ({COLING} 2022)",
    month = oct,
    year = "2022",
    address = "Gyeongju, Republic of Korea",
    pages = "5129--5141",
}
@inproceedings{weaver1952translation,
  title={Translation},
  author={Weaver, Warren},
  booktitle={Proceedings of the Conference on Mechanical Translation},
  year={1952}
}
%84
%84_DBLP:conf/interspeech/WeissCJWC17
@inproceedings{weiss2017sequence,
  author    = {Ron J. Weiss and
               Jan Chorowski and
               Navdeep Jaitly and
               Yonghui Wu and
               Zhifeng Chen},
  title     = {Sequence-to-Sequence Models Can Directly Translate Foreign Speech},
  booktitle = {Proceedings of the 18th Annual Conference of the International Speech
               Communication Association ({Interspeech} 2017)},
  pages     = {2625--2629},
  address   = {Stockholm, Sweden},
  year      = {2017},
  month     = {August}
}
%122
%122_DBLP:conf/emnlp/WestonDM18
@inproceedings{weston2018retrieve,
  author    = {Jason Weston and
               Emily Dinan and
               Alexander H. Miller},
  title     = {Retrieve and Refine: Improved Sequence Generation Models For Dialogue},
  booktitle = {Proceedings of the 2nd International Workshop on Search-Oriented Conversational AI, ({SCAI} 2018)},
  pages     = {87--92},
  address   = {Brussels, Belgium},
  year      = {2018},
  month     = {October}
}
@article{wu1997stochastic,
  title={Stochastic inversion transduction grammars and bilingual parsing of parallel corpora},
  author={Wu, Dekai},
  journal={Computational Linguistics},
  volume={23},
  number={3},
  pages={377--403},
  year={1997}
}
%28
%28_DBLP:journals/corr/WuSCLNMKCGMKSJL16
@article{wu2016google,
  title={Google's neural machine translation system: Bridging the gap between human and machine translation},
  author={Wu, Yonghui and Schuster, Mike and Chen, Zhifeng and Le, Quoc V and Norouzi, Mohammad and Macherey, Wolfgang and Krikun, Maxim and Cao, Yuan and Gao, Qin and Macherey, Klaus and others},
  journal={arXiv preprint arXiv:1609.08144},
  year={2016}
}
%20
%20_wu-etal-2021-good
@inproceedings{wu2021good,
    title = "Good for Misconceived Reasons: An Empirical Revisiting on the Need for Visual Context in Multimodal Machine Translation",
    author = "Wu, Zhiyong  and
      Kong, Lingpeng  and
      Bi, Wei  and
      Li, Xiang  and
      Kao, Ben",
    booktitle = "Proceedings of the 59th Annual Meeting of the Association for Computational Linguistics and the 11th International Joint Conference on Natural Language Processing ({ACL}-{IJCNLP} 2021)",
    month = aug,
    year = "2021",
    address = "Online",
    pages = "6153--6166",
}
%--------------------------------start with x--------------------------------%
%67 show attend and tell
%67_DBLP:conf/icml/XuBKCCSZB15
@inproceedings{xu2015show,
  author    = {Kelvin Xu and
               Jimmy Ba and
               Ryan Kiros and
               Kyunghyun Cho and
               Aaron C. Courville and
               Ruslan Salakhutdinov and
               Richard S. Zemel and
               Yoshua Bengio},
  title     = {Show, Attend and Tell: Neural Image Caption Generation with Visual
               Attention},
  booktitle = {Proceedings of the 32nd International Conference on Machine Learning ({ICML} 2015)},
  address   = {Lille, France},
  pages     = {2048--2057},
  year      = {2015},
  month     = {July}
}
%--------------------------------start with y--------------------------------%
%24
%24_DBLP:conf/iccv/YangGWHYL19,
@inproceedings{yang2019a,
  author    = {Zhengyuan Yang and
               Boqing Gong and
               Liwei Wang and
               Wenbing Huang and
               Dong Yu and
               Jiebo Luo},
  title     = {A Fast and Accurate One-Stage Approach to Visual Grounding},
  booktitle = {Proceedings of the 2019 {IEEE/CVF} International Conference on Computer Vision ({ICCV} 2019)},
  pages     = {4682--4692},
  address   = {Seoul, Korea (South)},
  year      = {2019},
  month     = {November}
}
%94
%94_DBLP:conf/aaai/YangCZ020
@inproceedings{yang2020visual,
  author    = {Pengcheng Yang and
               Boxing Chen and
               Pei Zhang and
               Xu Sun},
  title     = {Visual Agreement Regularized Training for Multi-Modal Machine Translation},
  booktitle = {Proceedings of the 34th {AAAI} Conference on Artificial Intelligence ({AAAI} 2020), the 32nd Innovative Applications of Artificial Intelligence Conference ({IAAI} 2020), the 10th {AAAI} Symposium on Educational Advances in Artificial Intelligence ({EAAI} 2020)},
  pages     = {9418--9425},
  address   = {New York, NY, USA},
  year      = {2020},
  month     = {February}
}
%40
%40_yao-wan-2020-multimodal
@inproceedings{yao2020multimodal,
    title = "Multimodal Transformer for Multimodal Machine Translation",
    author = "Yao, Shaowei  and
      Wan, Xiaojun",
    booktitle = "Proceedings of the 58th Annual Meeting of the Association for Computational Linguistics ({ACL} 2020)",
    month = jul,
    year = "2020",
    address = "Online",
    pages = "4346--4350",
}
%92
%92_yawei-fan-2021-probing
@inproceedings{yawei2021probing,
    title = "Probing Multi-modal Machine Translation with Pre-trained Language Model",
    author = "Yawei, Kong  and
      Fan, Kai",
    booktitle = "Findings of the Association for Computational Linguistics ({ACL}-{IJCNLP} 2021)",
    month = aug,
    year = "2021",
    address = "Online",
    pages = "3689--3699",
}
%33
%33_yin-etal-2020-novel
@inproceedings{yin2020novel,
    title = "A Novel Graph-based Multi-modal Fusion Encoder for Neural Machine Translation",
    author = "Yin, Yongjing  and
      Meng, Fandong  and
      Su, Jinsong  and
      Zhou, Chulun  and
      Yang, Zhengyuan  and
      Zhou, Jie  and
      Luo, Jiebo",
    booktitle = "Proceedings of the 58th Annual Meeting of the Association for Computational Linguistics ({ACL} 2020)",
    month = jul,
    year = "2020",
    address = "Online",
    pages = "3025--3035",
}
@article{yngve1957framework,
  title={A framework for syntactic translation.},
  author={Yngve, Victor H},
  journal={Mechanical Translation and Computational Linguistics},
  volume={4},
  number={3},
  pages={59--65},
  year={1957}
}
@article{young2014image,
  title={From image descriptions to visual denotations: New similarity metrics for semantic inference over event descriptions},
  author={Young, Peter and Lai, Alice and Hodosh, Micah and Hockenmaier, Julia},
  journal={Transactions of the Association for Computational Linguistics},
  volume={2},
  pages={67--78},
  year={2014},
}
%13
%13_DBLP:conf/iccv/0007CWYSJTFY21
@inproceedings{yuan2021tokens,
  author    = {Li Yuan and
               Yunpeng Chen and
               Tao Wang and
               Weihao Yu and
               Yujun Shi and
               Zihang Jiang and
               Francis E. H. Tay and
               Jiashi Feng and
               Shuicheng Yan},
  title     = {Tokens-to-Token ViT: Training Vision Transformers from Scratch on
               ImageNet},
  booktitle = {Proceedings of the 2021 {IEEE/CVF} International Conference on Computer Vision ({ICCV} 2021)},
  pages     = {538--547},
  address   = {Montreal, QC, Canada},
  year      = {2021},
  month     = {October}
}
%--------------------------------start with z--------------------------------%
%118
%118_DBLP:conf/iclr/0001C0USLZ20
@inproceedings{zhang2020neural,
  author    = {Zhuosheng Zhang and
               Kehai Chen and
               Rui Wang and
               Masao Utiyama and
               Eiichiro Sumita and
               Zuchao Li and
               Hai Zhao},
  title     = {Neural Machine Translation with Universal Visual Representation},
  booktitle = {Proceedings of the 8th International Conference on Learning Representations ({ICLR} 2020)},
  address   = {Addis Ababa, Ethiopia},
  year      = {2020},
  month     = {April}
}
%96
%96_zhao-etal-2020-double
@inproceedings{zhao2020double,
    title = "Double Attention-based Multimodal Neural Machine Translation with Semantic Image Regions",
    author = "Zhao, Yuting  and
      Komachi, Mamoru  and
      Kajiwara, Tomoyuki  and
      Chu, Chenhui",
    booktitle = "Proceedings of the 22nd Annual Conference of the European Association for Machine Translation ({EACL} 2020)",
    month = nov,
    year = "2020",
    address = "Lisboa, Portugal",
    pages = "105--114",
}
%101
%101_zhao-etal-2021-tmeku
@inproceedings{zhao2021tmeku,
    title = "{TMEKU} System for the {WAT}2021 Multimodal Translation Task",
    author = "Zhao, Yuting  and
      Komachi, Mamoru  and
      Kajiwara, Tomoyuki  and
      Chu, Chenhui",
    booktitle = "Proceedings of the 8th Workshop on Asian Translation ({WAT} 2021)",
    month = aug,
    year = "2021",
    address = "Online",
    pages = "174--180",
}
%95
%95_zheng-etal-2018-ensemble
@inproceedings{zheng2018ensemble,
    title = "Ensemble Sequence Level Training for Multimodal {MT}: {OSU}-{B}aidu {WMT}18 Multimodal Machine Translation System Report",
    author = "Zheng, Renjie  and
      Yang, Yilin  and
      Ma, Mingbo  and
      Huang, Liang",
    booktitle = "Proceedings of the 3rd Conference on Machine Translation ({WMT} 2018)",
    month = oct,
    year = "2018",
    address = "Belgium, Brussels",
    pages = "632--636",
}
%56
%56_zhou-etal-2018-visual
@inproceedings{zhou2018visual,
    title = "A Visual Attention Grounding Neural Model for Multimodal Machine Translation",
    author = "Zhou, Mingyang  and
      Cheng, Runxiang  and
      Lee, Yong Jae  and
      Yu, Zhou",
    booktitle = "Proceedings of the 2018 Conference on Empirical Methods in Natural Language Processing ({EMNLP} 2018)",
    month = oct # "-" # nov,
    year = "2018",
    address = "Brussels, Belgium",
    pages = "3643--3653",
}
@book{zong2013tong,
    author       = {宗成庆},
    key          = {Zong Cheng Qing},
    title        = {统计自然语言处理},
    address      = {北京},
    publisher    = {清华大学出版社},
    year         = {2013}
}